@MANUAL{Dockner2010,
  author = {Martin Dockner},
  title = {{\LaTeX\ statt Word -- Professionelle Textverarbeitng f\"{u}r Anthropologen}},
  year = {2010},
  owner = {mdockner},
  timestamp = {2010.12.02}
}


