@book{pinheiro2000,
	author    = {Jos{\'e} C. Pinheiro and Douglas Bates},
	title     = {Mixed-Effects Models in S and S-PLUS},
	year      = {2000},
	publisher = {Springer},
	address   = {New York},
	isbn      = {978-1-4419-0318-1}
}
@book{fahrmeir2010,
	author    = {Ludwig Fahrmeir and Thomas Kneib and Stefan Lang and Brian Marx},
	title     = {Regression: Modelle, Methoden und Anwendungen},
	year      = {2010},
	publisher = {Springer},
	edition   = {2},
	address   = {Berlin, Germany},
	isbn      = {978-3-642-01836-7},
	eisbn     = {978-3-642-01837-4},
	chapter   = {6},
	note      = {Kapitel 6}
}